<?xml version="1.0"?>
<collection xmlns="http://www.loc.gov/MARC21/slim">
  <record>
    <leader>02621cas a2200601 a 4500</leader>
    <controlfield tag="001">ciusnewsletter00cana_3</controlfield>
    <controlfield tag="003">CaSfIA</controlfield>
    <controlfield tag="005">20161014164344.0</controlfield>
    <controlfield tag="007">cr||||||||||||</controlfield>
    <controlfield tag="008">771114d19761996abcar     o  s0   a0engod</controlfield>
    <datafield tag="010" ind1=" " ind2=" ">
      <subfield code="a">   85640016 //r98 </subfield>
      <subfield code="z">cn 77033366</subfield>
    </datafield>
    <datafield tag="022" ind1="0" ind2=" ">
      <subfield code="a">0702-8474</subfield>
    </datafield>
    <datafield tag="035" ind1=" " ind2=" ">
      <subfield code="a">ocm03418001</subfield>
    </datafield>
    <datafield tag="040" ind1=" " ind2=" ">
      <subfield code="a">CaOONL</subfield>
      <subfield code="b">eng</subfield>
      <subfield code="c">CaOONL</subfield>
      <subfield code="d">DLC</subfield>
      <subfield code="d">CaOONL</subfield>
      <subfield code="d">DLC</subfield>
      <subfield code="d">InU</subfield>
      <subfield code="d">OCoLC</subfield>
      <subfield code="d">NST</subfield>
      <subfield code="d">InU</subfield>
      <subfield code="d">DLC</subfield>
      <subfield code="d">InU</subfield>
      <subfield code="d">AEU</subfield>
      <subfield code="d">CaSfIA</subfield>
    </datafield>
    <datafield tag="041" ind1="0" ind2=" ">
      <subfield code="a">engukr</subfield>
    </datafield>
    <datafield tag="042" ind1=" " ind2=" ">
      <subfield code="a">nlc</subfield>
      <subfield code="a">isds/c</subfield>
      <subfield code="a">lc</subfield>
    </datafield>
    <datafield tag="043" ind1=" " ind2=" ">
      <subfield code="a">n-cn---</subfield>
      <subfield code="a">e-un---</subfield>
    </datafield>
    <datafield tag="050" ind1="0" ind2="0">
      <subfield code="a">DK508.48</subfield>
      <subfield code="b">.N48</subfield>
    </datafield>
    <datafield tag="055" ind1="0" ind2="2">
      <subfield code="a">FC106*</subfield>
    </datafield>
    <datafield tag="082" ind1="0" ind2="0">
      <subfield code="a">947/.71/0071171233</subfield>
    </datafield>
    <datafield tag="090" ind1=" " ind2=" ">
      <subfield code="a">DK 508 A2 C225</subfield>
      <subfield code="b">AEU</subfield>
    </datafield>
    <datafield tag="130" ind1="0" ind2=" ">
      <subfield code="a">Newsletter (Canadian Institute of Ukrainian Studies)</subfield>
    </datafield>
    <datafield tag="222" ind1=" " ind2="0">
      <subfield code="a">Newsletter - Canadian Institute of Ukrainian Studies</subfield>
    </datafield>
    <datafield tag="245" ind1="0" ind2="0">
      <subfield code="a">Newsletter /</subfield>
      <subfield code="h">[electronic resource] </subfield>
      <subfield code="c">Canadian Institute of Ukrainian Studies = Bi&#x361;uleten&#x2B9; / Kanads&#x2B9;ky&#x12D; instytut ukra&#xEF;ns&#x2B9;kykh studi&#x12D;.</subfield>
    </datafield>
    <datafield tag="246" ind1="3" ind2="1">
      <subfield code="a">Bi&#x361;uleten&#x2B9; Kanads&#x2B9;koho instytutu ukra&#xEF;ns&#x2B9;kykh studi&#x12D;.</subfield>
    </datafield>
    <datafield tag="246" ind1="1" ind2=" ">
      <subfield code="i">Issue for Oct. 1996 called:</subfield>
      <subfield code="a">CIUS newsletter: commemorative issue</subfield>
    </datafield>
    <datafield tag="260" ind1=" " ind2=" ">
      <subfield code="a">Edmonton :</subfield>
      <subfield code="b">The Institute,</subfield>
      <subfield code="c">[1976-1996]</subfield>
    </datafield>
    <datafield tag="300" ind1=" " ind2=" ">
      <subfield code="a">v. :</subfield>
      <subfield code="b">ill. ;</subfield>
      <subfield code="c">28 cm.</subfield>
    </datafield>
    <datafield tag="310" ind1=" " ind2=" ">
      <subfield code="a">Annual,</subfield>
      <subfield code="b">1988-1996</subfield>
    </datafield>
    <datafield tag="321" ind1=" " ind2=" ">
      <subfield code="a">Semiannual,</subfield>
      <subfield code="b">1976-1987</subfield>
    </datafield>
    <datafield tag="336" ind1=" " ind2=" ">
      <subfield code="a">text</subfield>
      <subfield code="b">txt</subfield>
      <subfield code="2">rdacontent</subfield>
    </datafield>
    <datafield tag="337" ind1=" " ind2=" ">
      <subfield code="a">unmediated</subfield>
      <subfield code="b">n</subfield>
      <subfield code="2">rdamedia</subfield>
    </datafield>
    <datafield tag="338" ind1=" " ind2=" ">
      <subfield code="a">volume</subfield>
      <subfield code="b">nc</subfield>
      <subfield code="2">rdacarrier</subfield>
    </datafield>
    <datafield tag="362" ind1="0" ind2=" ">
      <subfield code="a">Vol. 1, no. 1 (Nov. 1976)-v. 11, no. 2 (winter 1987) ; summer 1988-Oct. 1996.</subfield>
    </datafield>
    <datafield tag="500" ind1=" " ind2=" ">
      <subfield code="a">Title from cover.</subfield>
    </datafield>
    <datafield tag="546" ind1=" " ind2=" ">
      <subfield code="a">Text in English and Ukrainian.</subfield>
    </datafield>
    <datafield tag="596" ind1=" " ind2=" ">
      <subfield code="a">38</subfield>
    </datafield>
    <datafield tag="610" ind1="2" ind2="0">
      <subfield code="a">Canadian Institute of Ukrainian Studies</subfield>
      <subfield code="v">Periodicals.</subfield>
    </datafield>
    <datafield tag="651" ind1=" " ind2="0">
      <subfield code="a">Ukraine</subfield>
      <subfield code="x">Study and teaching (Higher)</subfield>
      <subfield code="z">Canada</subfield>
      <subfield code="v">Periodicals.</subfield>
    </datafield>
    <datafield tag="710" ind1="2" ind2=" ">
      <subfield code="a">Canadian Institute of Ukrainian Studies.</subfield>
    </datafield>
    <datafield tag="785" ind1="0" ind2="0">
      <subfield code="a">Canadian Institute of Ukrainian Studies.</subfield>
      <subfield code="t">Annual review</subfield>
    </datafield>
    <datafield tag="856" ind1="4" ind2="1">
      <subfield code="u">http://archive.org/details/ciusnewsletter00cana_3</subfield>
      <subfield code="z">Free eBook from the Internet Archive</subfield>
    </datafield>
    <datafield tag="850" ind1=" " ind2=" ">
      <subfield code="a">CoU</subfield>
      <subfield code="a">DLC</subfield>
      <subfield code="a">InU</subfield>
    </datafield>
  </record>
</collection>
